@inproceedings{nameless-writes,
  author = {Yiying Zhang, Leo Prasath Arulraj, Andrea C. Arpaci-dusseau, Remzi H. Arpaci-dusseau},
  title = {De-indirection for flash-based SSDs with Nameless Writes},
  year = {2012}
}
